<?xml version="1.0" encoding="UTF-8"?>
<record xmlns="http://www.loc.gov/MARC21/slim">
  <leader>.....name 22.....8 45032</leader>
  <datafield tag="001" ind1="0" ind2="0">
    <subfield code="a">ssj12345</subfield>
    <subfield code="b">336010</subfield>
    <subfield code="c">20160534330404</subfield>
    <subfield code="d">201456465</subfield>
    <subfield code="f">a</subfield>
  </datafield>
  <datafield tag="004" ind1="0" ind2="0">
    <subfield code="r">n</subfield>
    <subfield code="a">e</subfield>
  </datafield>
  <datafield tag="008" ind1="0" ind2="0">
    <subfield code="t">m</subfield>
    <subfield code="a">2017</subfield>
    <subfield code="b">us</subfield>
    <subfield code="d">y</subfield>
    <subfield code="l">eng</subfield>
    <subfield code="v">8</subfield>
  </datafield>
  <datafield tag="009" ind1="0" ind2="0">
    <subfield code="a">a</subfield>
    <subfield code="g">xe</subfield>
    <subfield code="b">t</subfield>
  </datafield>
  <datafield tag="021" ind1="0" ind2="0">
    <subfield code="e">9780702058325</subfield>
    <subfield code="b">pbk. : alk. paper</subfield>
  </datafield>
  <datafield tag="036" ind1="0" ind2="0">
    <subfield code="a"> 2015020471</subfield>
  </datafield>
  <datafield tag="050" ind1="0" ind2="0">
    <subfield code="a">QP361</subfield>
  </datafield>
  <datafield tag="060" ind1="0" ind2="0">
    <subfield code="a">WL 101</subfield>
  </datafield>
  <datafield tag="082" ind1="0" ind2="0">
    <subfield code="a">612.8</subfield>
    <subfield code="c">23</subfield>
  </datafield>
  <datafield tag="100" ind1="0" ind2="0">
    <subfield code="a">Mtui</subfield>
    <subfield code="h">Estomih</subfield>
  </datafield>
  <datafield tag="245" ind1="0" ind2="0">
    <subfield code="a">Neuroanatomy and neuroscience</subfield>
    <subfield code="m">electronic resource</subfield>
    <subfield code="e">Goody, Donald Duck</subfield>
  </datafield>
  <datafield tag="250" ind1="0" ind2="0">
    <subfield code="a">Edition 5</subfield>
  </datafield>
  <datafield tag="260" ind1="0" ind2="0">
    <subfield code="a">Philates, PA</subfield>
    <subfield code="b">Somewhere</subfield>
    <subfield code="c">2015</subfield>
  </datafield>
  <datafield tag="300" ind1="0" ind2="0">
    <subfield code="n">p.</subfield>
    <subfield code="c">cm.</subfield>
  </datafield>
  <datafield tag="532" ind1="0" ind2="0">
    <subfield code="a">Includes bibliographical references and index.</subfield>
  </datafield>
  <datafield tag="559" ind1="0" ind2="0">
    <subfield code="a">Preceded by: Neuroanatomy and neuroscience / D. Duck, G. Oofy</subfield>
  </datafield>
  <datafield tag="660" ind1="0" ind2="0">
    <subfield code="a">Nervous System</subfield>
    <subfield code="x">anatomy &amp; histology</subfield>
  </datafield>
  <datafield tag="660" ind1="0" ind2="0">
    <subfield code="a">Nervous System Diseases</subfield>
    <subfield code="x">physiopathology</subfield>
  </datafield>
  <datafield tag="700" ind1="0" ind2="0">
    <subfield code="a">Gruener</subfield>
    <subfield code="h">Gregory</subfield>
  </datafield>
  <datafield tag="700" ind1="0" ind2="0">
    <subfield code="a">Plumbum</subfield>
    <subfield code="h">Anders</subfield>
  </datafield>
  <datafield tag="700" ind1="0" ind2="0">
    <subfield code="a">Umami</subfield>
    <subfield code="h">. H. T.</subfield>
    <subfield code="t">Neuroanatomy and neuroscience</subfield>
  </datafield>
  <datafield tag="745" ind1="0" ind2="0">
    <subfield code="a">Neuroanatomy and neuroscience</subfield>
  </datafield>
  <datafield tag="856" ind1="0" ind2="0">
    <subfield code="z">Full text available from Some External Resource</subfield>
    <subfield code="u">http://ez.statsbiblioteket.dk:2048/login?url=https://www.example.com/dura/browse/bookChapter/3-s2.0-C20123424233</subfield>
    <subfield code="x">http://ez.statsbiblioteket.dk:2048/login?url</subfield>
  </datafield>
</record>
